@inproceedings{tor-design,
  title = {Tor: The Second-Generation Onion Router}, 
  author = {Roger Dingledine and Nick Mathewson and Paul Syverson}, 
  booktitle = {Proceedings of the 13th USENIX Security Symposium}, 
  year = {2004}, 
  month = {August}, 
  www_important = {1}, 
  www_tags = {selected}, 
  www_html_url = {https://www.torproject.org/svn/trunk/doc/design-paper/tor-design.html}, 
  www_pdf_url = {https://www.torproject.org/svn/trunk/doc/design-paper/tor-design.pdf}, 
  www_section = {Anonymous communication}, 
}
