@article{chaum-mix,
  title = {Untraceable electronic mail, return addresses, and digital pseudonyms}, 
  author = {David Chaum}, 
  journal = {Communications of the ACM}, 
  volume = {4}, 
  number = {2}, 
  year = {1981}, 
  month = {February}, 
  www_important = {1}, 
  www_tags = {selected}, 
  www_html_url = {http://world.std.com/~franl/crypto/chaum-acm-1981.html}, 
  www_pdf_url = {http://www.ovmj.org/GNUnet/papers/p84-chaum.pdf}, 
  www_txt_url = {http://www.eskimo.com/~weidai/mix-net.txt}, 
  www_section = {Anonymous communication}, 
}


@inproceedings{tor-design,
  title = {Tor: The Second-Generation Onion Router}, 
  author = {Roger Dingledine and Nick Mathewson and Paul Syverson}, 
  booktitle = {Proceedings of the 13th USENIX Security Symposium}, 
  year = {2004}, 
  month = {August}, 
  www_important = {1}, 
  www_tags = {selected}, 
  www_html_url = {https://www.torproject.org/svn/trunk/doc/design-paper/tor-design.html}, 
  www_pdf_url = {https://www.torproject.org/svn/trunk/doc/design-paper/tor-design.pdf}, 
  www_section = {Anonymous communication}, 
}

@misc { tor-control,
	author = "Nick Mathewson",
	title = "Interfacing with Tor: Clients and Controllers",
	url = "https://www.torproject.org/svn/torctl/doc/howto.txt",
	note = "[Online; accessed 2008-05-21]",
	year = 2005
}

@misc { tor-chat,
	author = "Bernd Kreuss",
	title = "TorChat",
	url = "http://code.google.com/p/torchat/",
	note = "[Online; accessed 2008-05-21]"
}

@misc { tor-ctl,
	author = "Nick Mathewson and Roger Dingledine",
	title = "torctl",
	url = "https://tor-svn.freehaven.net/svn/torctl/",
	note = "[Online; accessed 2008-05-21]"
}

@misc { wiki-spoofing,
	author = "Wikipedia",
	title = "IP address spoofing --- {W}ikipedia{,} The Free Encyclopedia",
	year = 2008,
	url = "http://en.wikipedia.org/w/index.php?title=IP_address_spoofing&oldid=206957654",
	note = "[Online; accessed 2008-05-21]"
}

@misc { tor-numrouters,
	author = "Peter Palfrader",
	title = "NUmber of Running Tor routers",
	year = 2007,
	url = "http://www.noreply.org/tor-running-routers/",
	note = "[Online; accessed 2008-05-21]"
}
