@misc{ tor-ctl,
	author = "Nick Mathewson",
	title = "Interfacing with Tor: Clients and Controllers",
	url = "https://www.torproject.org/svn/torctl/doc/howto.txt",
	note = "[Online; accessed 2008-March-23]"
}

@inproceedings{ tor-design,
	title = {Tor: The Second-Generation Onion Router}, 
	author = {Roger Dingledine and Nick Mathewson and Paul Syverson}, 
	booktitle = {Proceedings of the 13th USENIX Security Symposium}, 
	year = {2004}, 
	month = {August}, 
	www_important = {1}, 
	www_tags = {selected}, 
	www_html_url = {https://www.torproject.org/svn/trunk/doc/design-paper/tor-design.html}, 
	www_pdf_url = {https://www.torproject.org/svn/trunk/doc/design-paper/tor-design.pdf}, 
	www_section = {Anonymous communication}, 
}

@misc{ dc-protocol,
	title = "Direct Connect Messages",
	url = "http://sourceforge.net/docman/display_doc.php?docid=8486&group_id=36589",
	note = "[Online; accessed 2008-March-23]"
}
